@article{DBLP:journals/corr/Micali16,
  author    = {Silvio Micali},
  title     = {{ALGORAND:} The Efficient and Democratic Ledger},
  journal   = {CoRR},
  volume    = {abs/1607.01341},
  year      = {2016},
  url       = {http://arxiv.org/abs/1607.01341},
  eprinttype = {arXiv},
  eprint    = {1607.01341},
  timestamp = {Mon, 13 Aug 2018 16:48:44 +0200},
  biburl    = {https://dblp.org/rec/journals/corr/Micali16.bib},
  bibsource = {dblp computer science bibliography, https://dblp.org}
}


@misc{cryptoeprint:2017/454,
      author = {Yossi Gilad and Rotem Hemo and Silvio Micali and Georgios Vlachos and Nickolai Zeldovich},
      title = {Algorand: Scaling Byzantine Agreements for Cryptocurrencies},
      howpublished = {Cryptology ePrint Archive, Paper 2017/454},
      year = {2017},
      note = {\url{https://eprint.iacr.org/2017/454}},
      url = {https://eprint.iacr.org/2017/454}
}